@misc{GetCapabilitiesWMS,
  author       = {Ministero dell'Ambiente e della Sicurezza Energetica},
  title        = {{Risposta di GetCapabilities mediante WMS}},
  howpublished = {\url{http://wms.pcn.minambiente.it/ogc?map=/ms_ogc/WMS_v1.3/Vettoriali/Alluvioni_Estensione.map&service=wms&request=getCapabilities}},
  year         = {},
  language     = {en}
}

@misc{GetCapabilitiesWFS,
  author       = {Ministero dell'Ambiente e della Sicurezza Energetica},
  title        = {{Risposta di GetCapabilities mediante WFS}},
  howpublished = {\url{http://wms.pcn.minambiente.it/ogc?map=/ms_ogc/wfs/Alluvioni_Estensione.map&service=wfs&request=getCapabilities}},
  year         = {},
  language     = {en}
}

@misc{DocumentazioneOGC,
  author       = {Wikipedia},
  title        = {{Open Geospatial Consortium}},
  howpublished = {\url{https://en.wikipedia.org/wiki/Open_Geospatial_Consortium}},
  year         = {2023-17-12 },
  language     = {en}
}

@misc{DocumentazioneWMS,
  author       = {Open Geospatial Consortium},
  title        = {{Web Map Service (WMS)}},
  howpublished = {\url{https://www.ogc.org/standard/wms/}},
  year         = {},
  language     = {en}
}

@misc{DocumentazioneWMTS,
  author       = {Open Geospatial Consortium},
  title        = {{Web Map Tile Service (WMTS)}},
  howpublished = {\url{https://www.ogc.org/standard/wmts/}},
  year         = {},
  language     = {en}
}

@misc{DocumentazioneWFS,
  author       = {Open Geospatial Consortium},
  title        = {{Web Feature Service (WFS)}},
  howpublished = {\url{https://www.ogc.org/standard/wfs/}},
  year         = {},
  language     = {en}
}

@misc{DocumentazioneTMS,
  author       = {Open Source Geospatial Foundation},
  title        = {{Tile Map Service Specification}},
  howpublished = {\url{https://wiki.osgeo.org/wiki/Tile_Map_Service_Specification}},
  year         = {2012-05-16 },
  language     = {en}
}

@misc{DocumentazioneOpenLayers,
  author       = {OpenLayers},
  title        = {{OpenLayer Documentation}},
  howpublished = {\url{https://openlayers.org/en/latest/apidoc/}},
  language     = {en}
}

@misc{DocumentazioneGeoServerAPI,
  author       = {GeoServer},
  title        = {{Documentazione API GeoServer}},
  howpublished = {\url{https://docs.geoserver.org/stable/en/user/rest/}},
  language     = {en}
}

@misc{DocumentazioneGeoServer,
  author       = {GeoServer},
  title        = {{Documentazione ufficiale di GeoServer}},
  howpublished = {\url{https://docs.geoserver.org/}},
  language     = {en}
}

@misc{GithubGeoServer,
  author       = {GeoServer},
  title        = {{Pagina Github di GeoServer}},
  howpublished = {\url{https://github.com/geoserver/geoserver}},
  language     = {en}
}

@misc{ImmagineGithubGeoServer,
  author       = {kartoza},
  title        = {{Immagine Docker di GeoServer utilizzata}},
  howpublished = {\url{https://github.com/kartoza/docker-geoserver}},
  language     = {en}
}

@misc{GithubOpenLayers,
  author       = {OpenLayers},
  title        = {{Pagina Github di OpenLayers}},
  howpublished = {\url{https://github.com/openlayers/openlayers}},
  language     = {en}
}

@misc{GeoPortaleNazionale,
  author       = {Ministero dell'Ambiente e della Sicurezza Energetica},
  title        = {{Mappe fornite mediante protocolli OGC dal GeoPortale Nazionale}},
  howpublished = {\url{https://gn.mase.gov.it/portale/servizi-di-rete-ogc}},
  language     = {it}
}

@misc{IdroGEO,
  author       = {ISPRA},
  title        = {{Dati geospaziali forniti da IdroGEO}},
  howpublished = {\url{https://idrogeo.isprambiente.it/app/page/open-data}},
  language     = {it}
}

@misc{GeoCart,
  author       = {GeoCart},
  title        = {{Dati geospaziali forniti da GeoCart}},
  howpublished = {\url{https://www.geocartspa.it/}},
  language     = {us}
}

@misc{DocumentazioneAngular,
  author       = {Angular},
  title        = {{Documentazione di Angular}},
  howpublished = {\url{https://angular.dev/tutorials/first-app}},
  language     = {us}
}
@misc{DocumentazioneOpenLayersWMS,
  author   = {OpenLayers},
  title    = {{Esempio di integrazione del protocollo WMS con OpenLayers}},
  howpublished = {\url{https://openlayers.org/en/latest/examples/wms-image.html}},
  language = {en}
}

@misc{DocumentazioneOpenLayersBase,
  author       = {OpenLayers},
  title        = {{Componenti base di OpenLayers}},
  howpublished = {\url{https://openlayers.org/doc/tutorials/concepts.html}},
  language     = {en}
}

@misc{DocumentazioneOpenLayersPlugin,
  author       = {OpenLayers},
  title        = {{Plugin di terze parti per OpenLayers }},
  howpublished = {\url{https://openlayers.org/3rd-party/}},
  language     = {en}
}

@misc{ProiezioneESPG,
  author       = {epsg.io},
  title        = {{EPSG.io: Coordinate Systems Worldwide}},
  howpublished = {\url{https://epsg.io/}},
  language     = {en}
}

@misc{ProiezioneESPG3857,
  author       = {epsg.io},
  title        = {{Informazioni sulla proiezione EPSG:3857 fornite da espg.io}},
  howpublished = {\url{https://epsg.io/3857}},
  language     = {en}
}

@misc{CartaEcopedologicaItalia,
  author       = {Ministero dell'Ambiente e della Sicurezza Energetica},
  title        = {{Carta Ecopedologica d'Italia, fornita dal Geportale Nazionale}},
  howpublished = {\url{http://wms.pcn.minambiente.it/ogc?map=/ms_ogc/WMS_v1.3/Vettoriali/Carta_ecopedologica.map&service=wms&request=getCapabilities&version=1.3.0}},
  language     = {en}
}




